<?xml version="1.0" encoding="UTF-8"?><collection><record><leader>08187ntm a2200709 a 4500</leader><controlfield tag="001">006795689</controlfield><controlfield tag="003">MiAaHDL</controlfield><controlfield tag="005">20190719000000.0</controlfield><controlfield tag="006">m        d        </controlfield><controlfield tag="007">cr bn ---auaua</controlfield><controlfield tag="008">090521s1671    ua            00| ||ara d</controlfield><datafield tag="035" ind1=" " ind2=" "><subfield code="a">(MiU)006795689</subfield></datafield><datafield tag="035" ind1=" " ind2=" "><subfield code="a">sdr-miu006795689</subfield></datafield><datafield tag="040" ind1=" " ind2=" "><subfield code="a">MiU</subfield><subfield code="c">MiU</subfield><subfield code="e">amremm</subfield></datafield><datafield tag="043" ind1=" " ind2=" "><subfield code="a">n-us-mi</subfield></datafield><datafield tag="100" ind1="1" ind2=" "><subfield code="6">880-01</subfield><subfield code="a">Ibn al-ʻAssāl, al-Asʻad Abū al-Faraj Hibat Allāh,</subfield><subfield code="d">d. ca. 1260.</subfield></datafield><datafield tag="245" ind1="1" ind2="0"><subfield code="6">880-02</subfield><subfield code="a">[Kitāb yashtamilu ʻalá al-Abuqṭī wa-ṭuruqih...etc.,</subfield><subfield code="f">1387, i.e. 1671].</subfield></datafield><datafield tag="260" ind1=" " ind2=" "><subfield code="a">[Cairo,</subfield><subfield code="c">1671].</subfield></datafield><datafield tag="300" ind1=" " ind2=" "><subfield code="a">4, 95, 4 leaves :</subfield><subfield code="b">paper ;</subfield><subfield code="c">299 x 205 (215 x 129) mm. bound to 305 x 225 mm.</subfield></datafield><datafield tag="500" ind1=" " ind2=" "><subfield code="a">Shelfmark: Ann Arbor, University of Michigan, Special Collections Library, Isl. Ms. 219</subfield></datafield><datafield tag="500" ind1=" " ind2=" "><subfield code="a">Origin: As appears in colophon on p.168, Kitāb yashtamilu ʻalá al-Abuqṭī wa-ṭuruqih copied by Dāwūd ibn Buqṭur with transcription finished 13 Amshīr 1387 lil-Shuhadāʼ al-Abrār (Era of Martyrs or Era of Diocletian) [February 1671]. A note beside the colophon describes the manuscript exemplar from which this copy was made. As appears on p.185, transcription of Kitāb mubārak yashtamilu ʻalá maʻrifat ṭāliʻ al-sanah al-shamsīyah...etc. completed 2 Ṣafar 1082 [June 1671].</subfield></datafield><datafield tag="500" ind1=" " ind2=" "><subfield code="a">Accompanying materials: Papyrus fragements in folded sheet of bond paper just inside front cover.</subfield></datafield><datafield tag="500" ind1=" " ind2=" "><subfield code="a">Binding: Pasteboards covered in red cloth with red leather over spine (quarter binding) ; Western binding ; flyleaves and pastedowns in European wove paper ; sewn originally in four stations (threads gone), now resown in white thread, ten stations ; overall in fair condition with some staining, abrasion, lifting of spine leather, etc.</subfield></datafield><datafield tag="500" ind1=" " ind2=" "><subfield code="a">Support: European laid paper with 10 laid lines per cm. (horizontal), chain lines spaced 18 mm. apart (vertical), and crown-star-crescent watermark ; sturdy and well-burnished ; binion of ruled wove paper added at both the front and back of the codex.</subfield></datafield><datafield tag="500" ind1=" " ind2=" "><subfield code="a">Decoration: Section headings, keywords, abbreviation symbols, and numerals rubricated ; occasional textual dividers in the form of four v-signs forming a cross, three inverted commas, hāʼ surrounded by four dots or four inverted commas, etc. in red and black ; written area of incipit page surrounded by red rule-border ; numerous tables and diagrams (see p.52, p.54, p.121, etc.).</subfield></datafield><datafield tag="500" ind1=" " ind2=" "><subfield code="a">Script: Naskh ; mainly in a large, clear Egyptian hand ; virtually serifless, though right-sloping head-serifs appear on occasional lām and free standing alif ; mainly curvilinear descenders ; open and closed counters ; elongation of horizontal strokes with occasional sweeping tails ; yāʼ of fī mainly mardūdah ; pointing in distinct dots ; sīn marked with ʻalāmat al-ihmāl in the form of a stroke looking like an inverted caret ; section headings in a bold, seriffed naskh ; final work and excerpts in different hands.</subfield></datafield><datafield tag="500" ind1=" " ind2=" "><subfield code="a">Layout: Written mainly in 19 lines per page ; mainly single column but text of the urjūzah divided to two columns ; numerous tables ; frame-ruled (impression of ruling-board clearly evident).</subfield></datafield><datafield tag="500" ind1=" " ind2=" "><subfield code="a">Collation: i, 2 II (8), VI (20), VI+1 (33), VI (45), VIII (61), III+1 (68), III (74), V (84), III (90), I+1 (93), III (99), II (103), i ; quiring very difficult to discern ; binion of ruled wove paper added at both the opening and the close of the codex ; several leaves left blank ; catchwords present ; foliation in black ink, Graeco-Coptic numerals, accompanied by foliation in purple ink with corresponding Hindu-Arabic numerals ; foliation in pencil, Hindu-Arabic numerals, in the centr of the upper margin of the recto of each leaf ; pagination in pencil, Western numerals, supplied during digitization (includes added leaves).</subfield></datafield><datafield tag="500" ind1=" " ind2=" "><subfield code="a">Colophon: "Scribal," rectangular, reads: "تم كتاب الاقبطي بمعونة الرب جل اسمه على يد اضعف خلق الله داوود بن بقطر بالاسم قسيس [؟] بالقاهرة المحروسة في ثالث عشر من شهر امشير سنة الف وثلاثمائة وسبعة وثمانين للشهداء الابرار يرحمنا الرب بصلواتهم امين في الايام الابوية السيدية البطريوكية المرقصية انبا متاووس الرب يديم ايامه في هدؤ وسلام امين ..."</subfield></datafield><datafield tag="500" ind1=" " ind2=" "><subfield code="a">Title from opening on p.10.</subfield></datafield><datafield tag="500" ind1=" " ind2=" "><subfield code="a">Ms. codex.</subfield></datafield><datafield tag="505" ind1="0" ind2=" "><subfield code="a">8. p.198-p.206 : [blank].</subfield></datafield><datafield tag="505" ind1="0" ind2=" "><subfield code="a">7. p.186-p.197 : [assorted excerpts].</subfield></datafield><datafield tag="505" ind1="0" ind2=" "><subfield code="a">6. p.169-185 : Kitāb mubārak yashtamilu ʻalá maʻrifat ṭāliʻ al-sanah al-shamsīyah wa-ikhrāj al-ṭāliʻ fī ayy burj min al-ithná ʻashar burj al-musammá bi-al-Shiʻrah al-Yamānīyah wa-asmāʼ al-ithná ʻashar burj wa-al-saʻd minhum wa-al-naḥs.</subfield></datafield><datafield tag="505" ind1="0" ind2=" "><subfield code="a">5. p.17-p.168 : Mukhtaṣar Ḥisāb al-Abuqṭīyāt / al-Asʻad Ibn al-ʻAssāl.</subfield></datafield><datafield tag="505" ind1="0" ind2=" "><subfield code="a">4. p.10-p.16 : Urjūzah fī maʻrifat al-Abuqṭī wa-ḥisāb al-ṣawm al-muqaddas wa-al-Fiṣḥ wa-al-aʻyād wa-ghayr dhālik / al-Asʻad Ibn al-ʻAssāl.</subfield></datafield><datafield tag="505" ind1="0" ind2=" "><subfield code="a">3. p.10-p.168 : Kitāb yashtamilu ʻalá al-Abuqṭī / al-Asʻad Ibn al-ʻAssāl.</subfield></datafield><datafield tag="505" ind1="0" ind2=" "><subfield code="a">2. p.9 : [excerpt of a horoscope?].</subfield></datafield><datafield tag="505" ind1="0" ind2=" "><subfield code="a">1. p.1-p.8 : [blank].</subfield></datafield><datafield tag="510" ind1="4" ind2=" "><subfield code="a">Atiya, A.S. "Ibn al-ʻAssāl" EI2,</subfield><subfield code="c">vol. III, p.721, col. 2</subfield></datafield><datafield tag="520" ind1="8" ind2=" "><subfield code="a">Clear copy of a work by al-Asʻad Abū al-Faraj Hibat Allāh Ibn al-ʻAssāl addressing the Coptic calendar, dates of holidays and fasts and their calculation, as well as the calendars and holidays of the Jews and Muslims. Opens with an Urjūzah fī maʻrifat al-Abuqṭī wa-ḥisāb al-ṣawm al-muqaddas wa-al-Fiṣḥ wa-al-aʻyād wa-ghayr dhālik (pp.10-16) and continues with a Mukhtaṣar Ḥisāb al-Abuqṭīyāt (pp.17-168). Followed by a work on the signs of the zodiac (abrāj) and their interpretation for fortune or misfortune.</subfield></datafield><datafield tag="538" ind1=" " ind2=" "><subfield code="a">Mode of access: Internet.</subfield></datafield><datafield tag="541" ind1=" " ind2=" "><subfield code="c">Purchase ;</subfield><subfield code="a">Acquired by purchase (funds donated by Horace Rackham).</subfield><subfield code="d">1924.</subfield></datafield><datafield tag="546" ind1=" " ind2=" "><subfield code="a">Arabic.</subfield></datafield><datafield tag="561" ind1=" " ind2=" "><subfield code="a">Conspicuous lack of dealers marks appearing in other manuscripts of the Abdul Hamid Collection ; oval seal impression in blue ink on 'title page' (p.9) and p.197 ; collation statement indicating the number of leaves in the codex on p.197 "عدد اوراقه ۹۹" ; numerous marginal glosses.</subfield></datafield><datafield tag="610" ind1="2" ind2="0"><subfield code="a">Coptic Church</subfield><subfield code="x">Liturgy</subfield><subfield code="v">Calendar.</subfield></datafield><datafield tag="650" ind1=" " ind2="0"><subfield code="a">Manuscripts, Arabic</subfield><subfield code="z">Michigan</subfield><subfield code="z">Ann Arbor.</subfield></datafield><datafield tag="650" ind1=" " ind2="0"><subfield code="a">Calendar</subfield><subfield code="z">Egypt.</subfield></datafield><datafield tag="650" ind1=" " ind2="0"><subfield code="a">Jewish calendar</subfield><subfield code="v">Early works to 1800.</subfield></datafield><datafield tag="650" ind1=" " ind2="0"><subfield code="a">Islamic calendar</subfield><subfield code="v">Early works to 1800.</subfield></datafield><datafield tag="700" ind1="0" ind2=" "><subfield code="a">Abdülhamid</subfield><subfield code="b">II,</subfield><subfield code="c">Sultan of the Turks,</subfield><subfield code="d">1842-1918,</subfield><subfield code="e">former owner.</subfield></datafield><datafield tag="700" ind1="0" ind2=" "><subfield code="6">880-07</subfield><subfield code="a">Dāwūd ibn Buqṭur,</subfield><subfield code="d">fl. 1671,</subfield><subfield code="e">scribe.</subfield></datafield><datafield tag="700" ind1="0" ind2="2"><subfield code="6">880-04</subfield><subfield code="a">Mukhtaṣar Ḥisāb al-Abuqṭīyāt</subfield></datafield><datafield tag="700" ind1="0" ind2="2"><subfield code="6">880-03</subfield><subfield code="a">Urjūzah fī maʻrifat al-Abuqṭī wa-ḥisāb al-ṣawm al-muqaddas wa-al-Fiṣḥ wa-al-aʻyād wa-ghayr dhālik</subfield></datafield><datafield tag="740" ind1="0" ind2="2"><subfield code="6">880-05</subfield><subfield code="a">Kitāb mubārak yashtamilu ʻalá maʻrifat ṭāliʻ al-sanah al-shamsīyah wa-ikhrāj al-ṭāliʻ fī ayy burj min al-ithná ʻashar burj al-musammá bi-al-Shiʻrah al-Yamānīyah wa-asmāʼ al-ithná ʻashar burj wa-al-saʻd minhum wa-al-naḥs</subfield></datafield><datafield tag="773" ind1="0" ind2=" "><subfield code="a">Abdul Hamid Collection.</subfield></datafield><datafield tag="880" ind1="0" ind2=" "><subfield code="6">700-07/</subfield><subfield code="a">داوود بن بقطر،</subfield><subfield code="e">ناسخ.</subfield></datafield><datafield tag="880" ind1="0" ind2="2"><subfield code="6">740-05/</subfield><subfield code="a">كتاب مبارك يشتمل على معرفة طالع السنة الشمسية واخراج الطالع في اي برج من الاثنى عشر برج المسمى بالشعرة اليمانية واسماء الاثنى عشر برج والسعد منهم والنحس</subfield></datafield><datafield tag="880" ind1="0" ind2="2"><subfield code="6">700-04/</subfield><subfield code="a">مختصر حساب الابقطيات</subfield></datafield><datafield tag="880" ind1="0" ind2="2"><subfield code="6">700-03/</subfield><subfield code="a">ارجوزة في معرفة الابقطي وحساب الصوم المقدس والفصح والاعياد وغير ذلك</subfield></datafield><datafield tag="880" ind1="1" ind2="0"><subfield code="6">245-02/</subfield><subfield code="a">[كتاب يشتمل على الابقطي و طرقه ... الخ,</subfield><subfield code="f">1387للشهداء، 1671م].</subfield></datafield><datafield tag="880" ind1="1" ind2=" "><subfield code="6">100-01/</subfield><subfield code="a">ابن العسال, الأسعد أبو الفرج هبة الله.</subfield></datafield><datafield tag="CID" ind1=" " ind2=" "><subfield code="a">006795689</subfield></datafield><datafield tag="DAT" ind1="0" ind2=" "><subfield code="a">20190719102636.0</subfield><subfield code="b">20190719000000.0</subfield></datafield><datafield tag="DAT" ind1="1" ind2=" "><subfield code="a">20190719090653.0</subfield><subfield code="b">2019-07-19T16:11:17Z</subfield></datafield><datafield tag="DAT" ind1="2" ind2=" "><subfield code="a">2015-10-02T18:00:03Z</subfield></datafield><datafield tag="CAT" ind1=" " ind2=" "><subfield code="a">SDR-MIU</subfield><subfield code="d">EX LIBRIS - ALEPH</subfield><subfield code="l">prepare.pl-004-008</subfield></datafield><datafield tag="FMT" ind1=" " ind2=" "><subfield code="a">BK</subfield></datafield><datafield tag="HOL" ind1=" " ind2=" "><subfield code="0">sdr-miu006795689</subfield><subfield code="a">MiU</subfield><subfield code="b">SDR</subfield><subfield code="c">MIU</subfield><subfield code="p">mdp.39015079126226</subfield><subfield code="s">MIU</subfield><subfield code="1">006795689</subfield></datafield><datafield tag="974" ind1=" " ind2=" "><subfield code="b">MIU</subfield><subfield code="c">MIU</subfield><subfield code="d">20190719</subfield><subfield code="s">lit-dlps-dc</subfield><subfield code="u">mdp.39015079126226</subfield><subfield code="y">1671</subfield><subfield code="r">pd</subfield><subfield code="q">bib</subfield><subfield code="t">non-US bib date1 &lt; 1879</subfield></datafield></record></collection>